<?xml version="1.0" encoding="UTF-8"?><collection xmlns="http://www.loc.gov/MARC21/slim"><record><leader>00620nam--2200181-i-4500</leader><controlfield tag="001">000009337</controlfield><controlfield tag="002">20161230</controlfield><controlfield tag="005">20161230201028</controlfield><controlfield tag="008">060222s1000------------r-----000-0-eng-d</controlfield><datafield ind1=" " ind2=" " tag="040"><subfield code="a">IFIN-HH</subfield></datafield><datafield ind1=" " ind2=" " tag="080"><subfield code="a">539.14</subfield></datafield><datafield ind1="1" ind2=" " tag="100"><subfield code="a">Anderson, John D</subfield></datafield><datafield ind1="1" ind2="0" tag="245"><subfield code="a">Nuclear isospin</subfield><subfield code="b">Proceedings of the conference on nuclear isospin, asilomar-pacific grove, california, march 13-15, 1969</subfield><subfield code="c">John d. anderson, stewart d. bloom, joseph cerny, william w. true (eds.)</subfield></datafield><datafield ind1=" " ind2=" " tag="260"><subfield code="a">New York</subfield><subfield code="b">Academic Press</subfield><subfield code="c">1969</subfield></datafield><datafield ind1=" " ind2=" " tag="300"><subfield code="a">XVII + 851 P</subfield></datafield><datafield ind1="1" ind2=" " tag="700"><subfield code="a">True, William W</subfield><subfield code="e">Ed</subfield></datafield><datafield ind1=" " ind2=" " tag="852"><subfield code="a">33070</subfield><subfield code="c">539.14</subfield></datafield><datafield ind1=" " ind2=" " tag="CAT"><subfield code="a">Sys</subfield><subfield code="c">20120327</subfield><subfield code="h">141653</subfield></datafield></record></collection>